@article{paper:cls_intro,
    author = "{A. L. Read}",
   % editor = "Whalley, M.R. and Lyons, L.",
    title = "{Presentation of search results: The CL(s) technique}",
    doi = "10.1088/0954-3899/28/10/313",
    journal = "J. Phys. G",
    volume = "28",
    %pages = "2693--2704",
    year = "2002"
}

@article{paper:stat_overview,
    author = "{G. Cowan et al}",
    title = "{Asymptotic formulae for likelihood-based tests of new physics}",
%    eprint = "1007.1727",
%    archivePrefix = "arXiv",
%    primaryClass = "physics.data-an",
    doi = "10.1140/epjc/s10052-011-1554-0",
    journal = "Eur. Phys. J. C",
    volume = "71",
%    pages = "1554",
    year = "2011",
%    note = "[Erratum: Eur.Phys.J.C 73, 2501 (2013)]"
}

@article{paper:dm_gal_clust,
author = "{S. W. Allen et al}",
title = {Cosmological Parameters from Observations of Galaxy Clusters},
journal = {Ann. Rev. Astron. Astrophys.},
volume = {49},
%number = {1},
%pages = {409-470},
year = {2011},
doi = {10.1146/annurev-astro-081710-102514},
}


@article{paper:dm_grav_lens,
	doi = {10.1088/0034-4885/73/8/086901},
	year = 2010,
%	month = {jul},
	publisher = {{IOP} Publishing},
	volume = {73},
%	number = {8},
%	pages = {086901},
	author = "{R. Massey et al}",
	title = {The dark matter of gravitational lensing},
	journal = {Reports on Progress in Physics},
}

@article{paper:dm_vc,
    author = "{K. Freese}",
  %  editor = "PÃ©contal, E. and Buchert, T. and Di Stefano, Ph. and Copin, Y.",
    title = "{Review of Observational Evidence for Dark Matter in the Universe and in upcoming searches for Dark Stars}",
    doi = "10.1051/eas/0936016",
    journal = "EAS Publ. Ser.",
    volume = "36",
  %  pages = "113--126",
    year = "2009"
}


@article{intro_dm,
    author = "{V. Trimble}",
    title = "{Existence and Nature of Dark Matter in the Universe}",
    doi = "10.1146/annurev.aa.25.090187.002233",
    journal = "Ann. Rev. Astron. Astrophys.",
    volume = "25",
  %  pages = "425--472",
    year = "1987"
}

@techreport{paper:hgcal,
      author        = "{CMS Collaboration}",
      title         = "{The Phase-2 Upgrade of the CMS Endcap Calorimeter}",
      institution   = "CERN",
  %    address       = "Geneva",
      number        = "CERN-LHCC-2017-023",
%      month         = "Nov",
      year          = "2017",
 %     reportNumber  = "CERN-LHCC-2017-023",
      url           = "https://cds.cern.ch/record/2293646",
  %    note          = "Technical Design Report of the endcap calorimeter for the
   %                    Phase-2 upgrade of the CMS experiment, in view of the
    %                   HL-LHC run.",
}

@article{paper:hl-lhc,
      author        = "{G. Apollinari et al}",
      title         = "{Chapter 1: High Luminosity Large Hadron Collider HL-LHC.
                       High Luminosity Large Hadron Collider HL-LHC}",
      journal       = "CERN Yellow Report",
 %     number        = "arXiv:1705.08830. 5",
   %   pages         = "1-19. 21 p",
  %    month         = "May",
      year          = "2017",
   %   reportNumber  = "arXiv:1705.08830",
%      url           = "https://cds.cern.ch/record/2120673",
 %     note          = "21 pages, chapter in High-Luminosity Large Hadron Collider
  %                     (HL-LHC) : Preliminary Design Report",
      doi           = "10.5170/CERN-2015-005.1",
}


@article{paper:delphes,
    author = "{J. de Favereau et al}",
    collaboration = "DELPHES 3",
    title = "{DELPHES 3, A modular framework for fast simulation of a generic collider experiment}",
%    eprint = "1307.6346",
%    archivePrefix = "arXiv",
%    primaryClass = "hep-ex",
    doi = "10.1007/JHEP02(2014)057",
    journal = "JHEP",
    volume = "2",
%    pages = "057",
    year = "2014"
}

@article{yellow_report,
      author        = "{M. Cepeda et al}",
      title         = "{Report from Working Group 2: Higgs Physics at the HL-LHC
                       and HE-LHC}",
      publisher     = "{CERN}",
     % journal       = "CERN Yellow Rep. Monogr.",
     % number        = "arXiv:1902.00134",
     % volume        = "7",
     % pages         = "221-584. 364 p",
     % month         = "Dec",
     % year          = "2018",
     % reportNumber  = "arXiv:1902.00134",
      %url           = "https://cds.cern.ch/record/2650162",
      doi           = "10.23731/CYRM-2019-007.221",
}


@article{paper:hig_portal_models2,
    author = "{A. Goudelis et al}",
    title = "{Dark matter in the Inert Doublet Model after the discovery of a Higgs-like boson at the LHC}",
%    eprint = "1303.3010",
%    archivePrefix = "arXiv",
%    primaryClass = "hep-ph",
%    reportNumber = "LAPTH-006-13",
    doi = "10.1007/JHEP09(2013)106",
    journal = "JHEP",
    volume = "9",
%    pages = "106",
    year = "2013"
}

@article{paper:hig_portal_models4,
    author = "{C. Englert et al}",
    title = "{Exploring the Higgs portal}",
    url = {https://arxiv.org/abs/1106.3097},
}

@article{paper:hig_portal_models3,
    author = "{A. Berlin et al}",
    title = "{Pseudoscalar Portal Dark Matter}",
  %  eprint = "1502.06000",
  %  archivePrefix = "arXiv",
  %  primaryClass = "hep-ph",
  %  reportNumber = "EFI-15-9",
    doi = "10.1103/PhysRevD.92.015005",
    journal = "Phys. Rev. D",
    volume = "92",
  %  pages = "015005",
    year = "2015"
}

@article{paper:hig_portal_models1,
    author = "{S. Baek et al}",
    title = "{Higgs Portal Vector Dark Matter: Revisited}",
  %  eprint = "1212.2131",
  %  archivePrefix = "arXiv",
  %  primaryClass = "hep-ph",
  %  reportNumber = "KIAS-P12082",
    doi = "10.1007/JHEP05(2013)036",
    journal = "JHEP",
    volume = "5",
   % pages = "036",
    year = "2013"
}


@thesis{Riccardo,
      author        = "Di Maria, Riccardo",
      title         = "{Searches for invisibly decaying Higgs bosons produced through vector boson fusion at 13 TeV and cloud computing for high energy physics with the Compact Muon Solenoid experiment}",
%      year          = "2019",
%      reportNumber  = "CERN-THESIS-2019-124",
      url           = "http://cds.cern.ch/record/2690018",
      note          = "Presented in 2019",
}

@thesis{Patrick,
      author        = "Dunne, Patrick",
      title         = "{Searches for invisibly decaying Higgs bosons with the CMS detector}",
  %    year          = "2016",
      doi           = "10.25560/41978",
      note          = "Presented in 2016",
}


@article{paper:hinv_run1,
      author = "{CMS Collaboration}",
      title         = "{Searches for invisible decays of the Higgs boson in pp collisions at $\sqrt{s}= $ 7, 8, and 13 TeV}",
      journal       = "JHEP",
   %   collaboration = "CMS Collaboration",
%      number        = "CMS-HIG-16-016. CMS-HIG-16-016. CERN-EP-2016-240",
      volume        = "2",
    %  pages         = "135. 54 p",
    %  month         = "Oct",
      year          = "2016",
    %  reportNumber  = "CMS-HIG-16-016",
    %  url           = "https://cds.cern.ch/record/2228305",
    %  note          = "Replaced with the published version. Added the journal
     %                  reference and DOI. All the figures and tables can be found
     %                  at
     %                  http://cms-results.web.cern.ch/cms-results/public-results/publications/HIG-16-016/index.html",
      doi           = "10.1007/JHEP02(2017)135",
}






@book{report_lhcxswg_3,
      author        = "{S. Heinemeyer et al}",
      title         = "{Handbook of LHC Higgs Cross Sections: 3. Higgs Properties: Report of the LHC Higgs Cross Section Working Group}",
    %  collaboration = "LHC Higgs Cross Section Working Group",
    %  series        = "CERN Yellow Reports: Monographs",
      publisher = {CERN},
    %  month         = "Jul",
      year          = "2013",
    %  reportNumber  = "CERN-2013-004",
%      url           = "https://cds.cern.ch/record/1559921",
      doi           = "10.5170/CERN-2013-004",
}

@article{paper:higgs_discovery1,
    author = "{CMS Collaboration}",
    title = "{Observation of a New Boson at a Mass of 125 GeV with the CMS Experiment at the LHC}",
  %  eprint = "1207.7235",
  %  archivePrefix = "arXiv",
  %  primaryClass = "hep-ex",
  % reportNumber = "CMS-HIG-12-028, CERN-PH-EP-2012-220",
    doi = "10.1016/j.physletb.2012.08.021",
    journal = "Phys. Lett. B",
    volume = "716",
  %  pages = "30--61",
    year = "2012"
}

@article{paper:higgs_discovery2,
    author = "{ATLAS Collaboration}",
    title = "{Observation of a new particle in the search for the Standard Model Higgs boson with the ATLAS detector at the LHC}",
  %  eprint = "1207.7214",
  %  archivePrefix = "arXiv",
  %  primaryClass = "hep-ex",
  %  reportNumber = "CERN-PH-EP-2012-218",
    doi = "10.1016/j.physletb.2012.08.020",
    journal = "Phys. Lett. B",
    volume = "716",
  %  pages = "1--29",
    year = "2012"
}


@article{paper:higgs_prop1,
    author = "{ATLAS and CMS Collaborations}",
    title = "{Measurements of the Higgs boson production and decay rates and constraints on its couplings from a combined ATLAS and CMS analysis of the LHC pp collision data at $ \sqrt{s}=7 $ and 8 TeV}",
 %   eprint = "1606.02266",
 %   archivePrefix = "arXiv",
 %   primaryClass = "hep-ex",
 %   reportNumber = "CERN-EP-2016-100, ATLAS-HIGG-2015-07, CMS-HIG-15-002",
    doi = "10.1007/JHEP08(2016)045",
    journal = "JHEP",
    volume = "08",
  %  pages = "045",
    year = "2016"
}

@article{paper:higgs_prop2,
    author = "{CMS Collaboration}",
    title = "{Combined measurements of Higgs boson couplings in proton--proton collisions at $\sqrt{s}=13\,\text {Te}\text {V} $}",
 %   eprint = "1809.10733",
 %   archivePrefix = "arXiv",
 %   primaryClass = "hep-ex",
 %   reportNumber = "CMS-HIG-17-031, CERN-EP-2018-263",
    doi = "10.1140/epjc/s10052-019-6909-y",
    journal = "Eur. Phys. J. C",
    volume = "79",
  %  number = "5",
  %  pages = "421",
    year = "2019"
}

@article{paper:higgs_prop3,
    author = "{ATLAS Collaboration}",
    title = "{Combined measurements of Higgs boson production and decay using up to $80$ fb$^{-1}$ of proton-proton collision data at $\sqrt{s}=$ 13 TeV collected with the ATLAS experiment}",
%    eprint = "1909.02845",
%    archivePrefix = "arXiv",
%    primaryClass = "hep-ex",
%    reportNumber = "CERN-EP-2019-097",
    doi = "10.1103/PhysRevD.101.012002",
    journal = "Phys. Rev. D",
    volume = "101",
%    number = "1",
%    pages = "012002",
    year = "2020"
}



@article{paper:vbf1,
      author        = "Green, D",
      title         = "{Vector Boson Fusion Higgs Production at the LHC - Mass
                       Variables}",
%      number        = "hep-ex/0501027",
%      month         = "Jan",
      year          = "2005",
%      reportNumber  = "hep-ex/0501027",
      url           = "https://cds.cern.ch/record/815121",
}

@article{paper:tth1,
    author = "{CMS Collaboration}",
      title         = "{Observation of $\mathrm{t\overline{t}}$H production}",
      journal       = "Phys. Rev. Lett.",
%      collaboration = "CMS Collaboration",
%      number        = "CMS-HIG-17-035. CMS-HIG-17-035-003",
      volume        = "120",
%      pages         = "231801. 17 p",
%      month         = "Apr",
      year          = "2018",
%      reportNumber  = "CMS-HIG-17-035",
%      url           = "https://cds.cern.ch/record/2312113",
      doi           = "10.1103/PhysRevLett.120.231801",
}

@article{paper:tth2,
    author = "{ATLAS Collaboration}",
    title = "{Observation of Higgs boson production in association with a top quark pair at the LHC with the ATLAS detector}",
 %   eprint = "1806.00425",
 %   archivePrefix = "arXiv",
 %   primaryClass = "hep-ex",
 %   reportNumber = "CERN-EP-2018-138",
    doi = "10.1016/j.physletb.2018.07.035",
    journal = "Phys. Lett. B",
    volume = "784",
 %   pages = "173--191",
    year = "2018"
}

@article{paper:vh,
    author = "Mastrolorenzo, Luca",
 %   editor = "Roig GarcÃ©s, Pablo and Bautista Guzman, Irais and FernÃ¡ndez TÃ©llez, Arturo and MartÃ­nez HernÃ¡ndez, Mario IvÃ¡n",
 %   collaboration = "ATLAS, CMS",
    title = "{Higgs production in the VH mode at ATLAS and CMS}",
    doi = "10.22323/1.350.0126",
    journal = "PoS",
    volume = "LHCP2019",
%    pages = "126",
    year = "2019"
}

@techreport{paper:ggH1,
      title         = "{Measurements of Higgs boson production via gluon fusion and vector boson fusion in the diphoton decay channel at $\sqrt{s} = 13$ TeV}",
      institution   = "CERN",
      author        = "{CMS Collaboration}",
     % address       = "Geneva",
      number        = "CMS-PAS-HIG-18-029",
      year          = "2019",
      %reportNumber  = "CMS-PAS-HIG-18-029",
      url           = "https://cds.cern.ch/record/2667225",
}

@article{paper:dm_composition,
    author = "{Planck Collaboration}",
 %   collaboration = "Planck",
    title = "{Planck 2013 results. I. Overview of products and scientific results}",
 %   eprint = "1303.5062",
 %   archivePrefix = "arXiv",
 %   primaryClass = "astro-ph.CO",
 %   reportNumber = "CERN-PH-TH-2013-115",
    doi = "10.1051/0004-6361/201321529",
    journal = "Astron. Astrophys.",
    volume = "571",
 %   pages = "A1",
    year = "2014"
}


@article{paper:ggH2,
    author = "{ATLAS Collaboration}",
%    collaboration = "ATLAS",
    title = "{Measurements of gluon-gluon fusion and vector-boson fusion Higgs boson production cross-sections in the $H \to WW^{\ast} \to e\nu\mu\nu$ decay channel in $pp$ collisions at $\sqrt{s}=13$ TeV with the ATLAS detector}",
%    eprint = "1808.09054",
%    archivePrefix = "arXiv",
%    primaryClass = "hep-ex",
%    reportNumber = "CERN-EP-2018-212",
    doi = "10.1016/j.physletb.2018.11.064",
    journal = "Phys. Lett. B",
    volume = "789",
 %   pages = "508--529",
    year = "2019"
}

@article{paper:vbf2,
    author = "Rauch, Michael",
    title = "{Vector-Boson Fusion and Vector-Boson Scattering}",
 %   eprint = "1610.08420",
 %   archivePrefix = "arXiv",
 %   primaryClass = "hep-ph",
%    reportNumber = "KA-TP-35-2016",
%    month = "10",
    year = "2016",
    url = "https://arxiv.org/abs/1610.08420"
}


@article{paper:pdg,
  title = "{Review of Particle Physics}",
%  author = "{M. Tanabashi et al}",
  author = "{Particle Data Group}",
  journal = {Phys. Rev. D},
  volume = {98},
%  issue = {3},
%  pages = {030001},
%  numpages = {1898},
  year = {2018},
%  month = {Aug},
  publisher = {American Physical Society},
  doi = {10.1103/PhysRevD.98.030001},
 % url = {https://link.aps.org/doi/10.1103/PhysRevD.98.030001}
}





@article{geant4,
title = "Geant4 - a simulation toolkit",
journal = "{Nucl. Instrum. Methods Phys. Res Section A}",
volume = "506",
%number = "3",
%pages = "250 - 303",
year = "2003",
%issn = "0168-9002",
doi = "10.1016/S0168-9002(03)01368-8",
%url = "http://www.sciencedirect.com/science/article/pii/S0168900203013688",
author = "{S. Agostinelli et al}"
}


@article{powheg,
title = "{The POWHEG BOX}",
journal = "Nuclear Physics B - Proceedings Supplements",
volume = "205-206",
%pages = "36 - 41",
year = "2010",
%note = "Loops and Legs in Quantum Field Theory",
%issn = "0920-5632",
doi = "10.1016/j.nuclphysbps.2010.08.016",
%url = "http://www.sciencedirect.com/science/article/pii/S0920563210001994",
author = "C. Oleari",
}


@article{madgraph,
   title={The automated computation of tree-level and next-to-leading order differential cross sections, and their matching to parton shower simulations},
   volume={2014},
%   ISSN={1029-8479},
%   url={http://dx.doi.org/10.1007/JHEP07(2014)079},
   DOI={10.1007/jhep07(2014)079},
%   number={7},
   journal={JHEP},
   publisher={Springer Science and Business Media LLC},
   author="{J. Alwall et al}",
   year={2014},
%   month={Jul}
}


@article{pythia,
title = "{An introduction to PYTHIA 8.2}",
journal = "Computer Physics Communications",
volume = "191",
%pages = "159 - 177",
year = "2015",
%issn = "0010-4655",
doi = "10.1016/j.cpc.2015.01.024",
%url = "http://www.sciencedirect.com/science/article/pii/S0010465515000442",
author = "{T. Sjostrand et al}",
}


@article{paper_deepcsv,
title = "{B jet Identification in CMS}",
journal = "Nuclear and Particle Physics Proceedings",
volume = "273-275",
%pages = "2491 - 2493",
year = "2016",
%note = "37th International Conference on High Energy Physics (ICHEP)",
%issn = "2405-6014",
doi = "10.1016/j.nuclphysbps.2015.09.435",
%url = "http://www.sciencedirect.com/science/article/pii/S2405601415009244",
author = "Camille Beluffi",
}

@article{nobel_beh,
author = "{Nobel Media AB}",
title = {The Nobel Prize in Physics 2013},
url = {https://www.nobelprize.org/prizes/physics/2013/summary/}
}

@article{salam,
    author = "Salam, Abdus",
    title = "{Weak and Electromagnetic Interactions}",
    doi = "10.1142/9789812795915_0034",
    journal = "Conf. Proc. C",
    volume = "680519",
 %   pages = "367--377",
    year = "1968"
}

@article{weinberg,
  title = {A Model of Leptons},
  author = {Weinberg, Steven},
  journal = {Phys. Rev. Lett.},
  volume = {19},
 % issue = {21},
 % pages = {1264--1266},
 % numpages = {0},
  year = {1967},
 % month = {Nov},
  %publisher = {American Physical Society},
  doi = {10.1103/PhysRevLett.19.1264},
 % url = {https://link.aps.org/doi/10.1103/PhysRevLett.19.1264}
}


@article{higgs,
  title = {Broken Symmetries and the Masses of Gauge Bosons},
  author = {Higgs, Peter W.},
  journal = {Phys. Rev. Lett.},
  volume = {13},
%  issue = {16},
%  pages = {508--509},
%  numpages = {0},
  year = {1964},
%  month = {Oct},
  publisher = {American Physical Society},
  doi = {10.1103/PhysRevLett.13.508},
%  url = {https://link.aps.org/doi/10.1103/PhysRevLett.13.508}
}

@article{brout,
  title = {Broken Symmetry and the Mass of Gauge Vector Mesons},
  author = {Englert, F. and Brout, R.},
  journal = {Phys. Rev. Lett.},
  volume = {13},
 % issue = {9},
 % pages = {321--323},
 % numpages = {0},
  year = {1964},
 % month = {Aug},
  publisher = {American Physical Society},
  doi = {10.1103/PhysRevLett.13.321},
 % url = {https://link.aps.org/doi/10.1103/PhysRevLett.13.321}
}



@article{glashow,
    author = "{S. L. Glashow}",
    title = "{Partial Symmetries of Weak Interactions}",
    doi = "10.1016/0029-5582(61)90469-2",
    journal = "Nucl. Phys.",
    volume = "22",
%    pages = "579--588",
    year = "1961"
}

@article{gell_mann,
    author = "Gell-Mann, Murray",
    title = "{The Eightfold Way: A Theory of strong interaction symmetry}",
    reportNumber = "CTSL-20, TID-12608",
    doi = "10.2172/4008239",
    month = "3",
    year = "1961"
}

@article{nobel_qed,
author = {{Nobel Media AB}},
%year = {2020},
title = "{The Nobel Prize in Physics 1965}",
url = {https://www.nobelprize.org/prizes/physics/1965/summary/}
}


@book{book:schwartz,
author = {M. Schwartz},
year = {2014},
publisher = {Cambridge University Press},
title = {Quantum Field Theory and the Standard Model},
DOI = {10.1080/00107514.2014.970232}
}


@book{book:fox,
author = {Charles Fox},
year = {2010},
%month = {01},
%pages = {},
publisher = {Dover Publications Inc.},
title = {An Introduction to the Calculus of Variations},
}

@article{paper:noether,
author = {Noether, E.},
journal = {Nachrichten von der Gesellschaft der Wissenschaften zu Gottingen, Mathematisch-Physikalische Klasse},
%language = {ger},
%pages = {235-257},
title = {Invariante Variationsprobleme (in German)},
url = {http://eudml.org/doc/59024},
%volume = {1918},
year = {1918},
}


@article{paper:yang_mills,
  title = {Conservation of Isotopic Spin and Isotopic Gauge Invariance},
  author = {Yang, C. N. and Mills, R. L.},
  journal = {Phys. Rev.},
  volume = {96},
%  issue = {1},
%  pages = {191--195},
%  numpages = {0},
  year = {1954},
%  month = {Oct},
%  publisher = {American Physical Society},
  doi = {10.1103/PhysRev.96.191},
%  url = {https://link.aps.org/doi/10.1103/PhysRev.96.191}
}


@manual{desmos,
      title  = "{Desmos graphing calculator}",
      year = 2015,
      url    = "https://www.desmos.com/calculator",
     % year   = "2020"
}

@manual{fey_diag,
      title  = "{Feynman: A javascript application for creating Feynman diagrams}",
      author = "{A. Aivazis}",
      url    = "https://feynman.aivazis.com",
     % year   = "2020"
}




@manual{twiki:lhcxswg,
      author  = "{LHC Higgs Cross Section Working Group}",
      title = "{Summary of results}",
      url    = "https://twiki.cern.ch/twiki/bin/view/LHCPhysics/LHCHXSWG",
     % year   = "2020"
}



@manual{twiki_tau_pog,
      title  = "{Tau ID recommendations for Run-2: 2016, 2017, and 2018 (restricted)}",
      author = "{Tau POG}",
      url    = "https://twiki.cern.ch/twiki/bin/viewauth/CMS/TauIDRecommendationForRun2",
     % year   = "2020"
}


@manual{twiki_egamma_prefire,
      title  = "{Reweighting recipe to emulate Level-1 ECAL prefiring (restricted)}",
      author = "{L. Thomas}",
      url    = "https://twiki.cern.ch/twiki/bin/view/CMS/L1ECALPrefiringWeightRecipe",
     % year   = "2020"
}

@manual{twiki_muon_sfs,
      title  = "{Reference efficiencies for muon ID and isolation with Run 2 data (restricted)}",
      author = "{Muon  POG}",
      url    = "https://twiki.cern.ch/twiki/bin/view/CMS/MuonPOG",
     % year   = "2020"
}



@manual{twiki_bjets_methods,
      title  = "{Methods to apply b-tagging efficiency scale factors (restricted)}",
      author = "{B tag  POG}",
      url    = "https://twiki.cern.ch/twiki/bin/viewauth/CMS/BTagSFMethods",
     % year   = "2020"
}

https://twiki.cern.ch/twiki/bin/viewauth/CMS/BTagSFMethods

@manual{twiki_lumi_pog,
      title  = "{Pileup recommendations for Run 2 (restricted)}",
      author = "{CMS Lumi POG}",
      url    = "https://twiki.cern.ch/twiki/bin/view/CMS/
PileupJSONFileforData#Pileup_JSON_Files_For_Run_II",
     % year   = "2020"
}

@manual{twiki_electron_sfs,
      title  = "{Electron efficiencies and scale factors (restricted)}",
      author = "{E/Gamma  POG}",
      url    = "https://twiki.cern.ch/twiki/bin/view/CMS/EgammaIDRecipesRun2",
     % year   = "2020"
}



@manual{twiki_ecal_clustering,
      title  = "{ECAL Clustering (restricted)}",
      author = "{E/Gamma  POG}",
      url    = "https://twiki.cern.ch/twiki/bin/view/CMSPublic/SWGuideEcalRecoClustering",
     % year   = "2020"
}



@techreport{pas_lumi_2,
      title         = "{CMS luminosity measurement for the 2018 data-taking
                       period at $\sqrt{s} = 13~\mathrm{TeV}$}",
      institution   = "CERN",
      author = "CMS Collaboration",
%      address       = "Geneva",
      number        = "CMS-PAS-LUM-18-002",
      year          = "2019",
%      reportNumber  = "CMS-PAS-LUM-18-002",
      url           = "https://cds.cern.ch/record/2676164",
}


@techreport{pas_lumi_1,
      title         = "{CMS luminosity measurement for the 2017 data-taking
                       period at $\sqrt{s} = 13~\mathrm{TeV}$}",
      institution   = "CERN",
      author = "CMS Collaboration",
   %   address       = "Geneva",
      number        = "CMS-PAS-LUM-17-004",
      year          = "2018",
    %  reportNumber  = "CMS-PAS-LUM-17-004",
      url           = "https://cds.cern.ch/record/2621960",
}

@manual{twiki_met_filters,
      title  = "{Mitigation of anomalous missing transverse energy (restricted)}",
      author = "{Jet/MET POG}",
      url    = "https://twiki.cern.ch/twiki/bin/view/CMSPublic/PhysicsResultsDP20018",
     % year   = "2020"
}

@manual{twiki_btag_1,
      title  = "{Recommendation for Using b-tag Objects in Physics Analyses (restricted)}",
      author = "{B-tag POG}",
      url    = "https://twiki.cern.ch/twiki/bin/viewauth/CMS/BtagRecommendation",
     % year   = "2020"
}

@manual{twiki_jet_met,
      title  = "Jet information summary page (restricted)",
      author = "{Jet/MET POG}",
      url    = "https://twiki.cern.ch/twiki/bin/viewauth/CMS/JetMET",
     % year   = "2020"
}


@manual{twiki_jet_id,
      title  = "{et identification for Run 2 (restricted)}",
      author = "{Jet/MET POG}",
      url    = "https://twiki.cern.ch/twiki/bin/view/CMS/JetID",
     % year   = "2020"
}

@manual{twiki_jet_pileupid,
      title  = "{Jet pileup identification for Run 2 (restricted)}",
      author = "{Jet/MET POG}",
      url    = "https://twiki.cern.ch/twiki/bin/view/CMS/PileupJetID",
     % year   = "2020"
}

@manual{twiki_jes_jer,
      title  = "Jet Energy {Resolution} and {Corrections} summary page (restricted)",
      author = "{Jet/MET POG}",
      url    = "https://twiki.cern.ch/twiki/bin/view/CMS/JetEnergyScale",
     % year   = "2020"
}


@article{paper_jes_jer,
	doi = {10.1088/1748-0221/12/02/p02014},
%	url = {https://doi.org/10.1088%2F1748-0221%2F12%2F02%2Fp02014},
	year = 2017,
%	month = {feb},
%	publisher = {{IOP} Publishing},
	volume = {12},
%	number = {02},
%	pages = {P02014--P02014},
    author = "{CMS Collaboration}",
	title = {Jet energy scale and resolution in the {CMS} experiment in pp collisions at 8 {TeV}},
	journal = {JINST},

}





@article{anti_kt,
	doi = {10.1088/1126-6708/2008/04/063},
%	url = {https://doi.org/10.1088%2F1126-6708%2F2008%2F04%2F063},
	year = 2008,
%	month = {apr},
%	publisher = {Springer Science and Business Media {LLC}},
	volume = {2008},
%	number = {04},
%	pages = {063--063},
	author = "{M. Cacciari et al}",
	title = "{The anti-kt jet clustering algorithm}",
	journal = {JHEP},
}





@article{paper_photon_1,
	doi = {10.1088/1748-0221/10/08/p08010},
%	url = {https://doi.org/10.1088%2F1748-0221%2F10%2F08%2Fp08010},
	year = 2015,
%	month = {aug},
%	publisher = {{IOP} Publishing},
	volume = {10},
%	number = {08},
%	pages = {P08010--P08010},
	title = "{Performance of photon reconstruction and identification with the {CMS} detector in proton-proton collisions at $\sqrt{s}=$~8~{TeV}}",
	journal = {JINST},
	author = "{CMS Collaboration}"
}




@techreport{note_ele_reco,
      author        = "{S. Baffioni et al}",
      title         = "{Electron reconstruction in CMS}",
      institution   = "CERN",
  %    address       = "Geneva",
  %    number        = "CMS-NOTE-2006-040",
  %    month         = "Feb",
      year          = "2006",
      reportNumber  = "CMS-NOTE-2006-040",
      url           = "http://cds.cern.ch/record/934070",
}
@manual{twiki_photon_1,
      title  = "{Photon identification for Run 2 (restricted)}",
      author = "{E/Gamma POG}",
      url    = "https://twiki.cern.ch/twiki/bin/view/CMS/CutBasedPhotonIdentificationRun2",
     % year   = "2020"
}



@manual{twiki_egamma_2,
      title  = "{Electron identification for Run 2 (restricted)}",
      author = "{E/Gamma POG}",
      url    = "https://twiki.cern.ch/twiki/bin/view/CMS/CutBasedElectronIdentificationRun2",
     % year   = "2020"
}

@manual{twiki_egamma_1,
      title  = "{E/Gamma POG summary page (restricted)}",
      author = "{E/Gamma POG}",
      url    = "https://twiki.cern.ch/twiki/bin/view/CMS/EgammaPOG",
     % year   = "2020"
}


@article{pf:kalman,
title = "{Application of Kalman filtering to track and vertex fitting}",
journal = "Nucl. Instrum. Methods Phys. Res Section A",
volume = "262",
%number = "2",
%pages = "444 - 450",
year = "1987",
%issn = "0168-9002",
doi = "10.1016/0168-9002(87)90887-4",
%url = "http://www.sciencedirect.com/science/article/pii/0168900287908874",
author = "R. Fruhwirth",
%abstract = "Recently iterative procedures have been proposed for track and vertex fitting in counter experiments. We show that the proper theoretical framework for these procedures is the theory of linear filtering, in particular the Kalman filter. Using results from filtering theory we confirm and extend the previous results. We also discuss the detection of outliers and of secondary vertices."
}

@article{paper:pf_muon_1,
	doi = {10.1088/1748-0221/7/10/p10002},
%	url = {https://doi.org/10.1088%2F1748-0221%2F7%2F10%2Fp10002},
	year = 2012,
%	month = {oct},
%	publisher = {{IOP} Publishing},
	volume = {7},
%	number = {10},
%	pages = {P10002--P10002},
	author = "{CMS collaboration}",
	title = "{Performance of {CMS} muon reconstruction in pp collision events at $\sqrt{s}=$~7~TeV}",
	journal = {JINST},
}

@techreport{paper:pf_muon_2,
      author        = "{CMS Collaboration}",
      title         = "{Particle-flow commissioning with muons and electrons
                       from J/Psi and W events at 7 TeV}",
      institution   = "CERN",
   %   collaboration = "CMS Collaboration",
    %  address       = "Geneva",
      number        = "CMS-PAS-PFT-10-003",
      year          = "2010",
     % reportNumber  = "CMS-PAS-PFT-10-003",
      url           = "https://cds.cern.ch/record/1279347",
}




@inproceedings{PF:Florian,
    author = "Beaudette, Florian",
    collaboration = "CMS",
    title = "{The CMS Particle Flow Algorithm}",
    booktitle = "{International Conference on Calorimetry for the High Energy Frontier}",
    eprint = "1401.8155",
    archivePrefix = "arXiv",
%    primaryClass = "hep-ex",
 %   pages = "295--304",
    year = "2013"
}

@techreport{CMS-PAS-PFT-09-001,
      author        = "{CMS Collaboration}",
      title         = "{Particle-Flow Event Reconstruction in CMS and Performance
                       for Jets, Taus, and MET}",
      institution   = "CERN",
     % collaboration = "CMS Collaboration",
     % address       = "Geneva",
     % number        = "CMS-PAS-PFT-09-001",
     % month         = "Apr",
      year          = "2009",
      reportNumber  = "CMS-PAS-PFT-09-001",
      url           = "https://cds.cern.ch/record/1194487",
}

@techreport{PF:track,
      author        = "{W. Adam et. al}",
      title         = "{Track Reconstruction in the CMS tracker}",
      institution   = "CERN",
%      address       = "Geneva",
%      number        = "CMS-NOTE-2006-041",
%      month         = "Dec",
      year          = "2006",
      reportNumber  = "CMS-NOTE-2006-041",
      url           = "https://cds.cern.ch/record/934067",
}

@article{Particle_flow, 
         author = "{CMS Collaboration}", 
         title         = "{Particle-flow reconstruction and global event description
                       with the CMS detector}",
         journal       = "JINST",
         volume        = "12",
       %  pages         = "P10003. 82 p",
       %  month         = "Jun",
         year          = "2017",
         doi           = "10.1088/1748-0221/12/10/P10003"
         }

@manual{muon_pog_1,
      title  = "{Muon Identification for Run 2 phase (restricted)}",
      author = "{Muon POG}",
      url    = "https://twiki.cern.ch/twiki/bin/view/CMS/SWGuideMuonIdRun2",
     % year   = "2020"
}

@manual{twiki:EGamma_tag_and_probe,
      title  = "{Electron Tag-and-Probe recipe (restricted)}",
      author = "{E/Gamma POG}",
      url    = "https://twiki.cern.ch/twiki/bin/view/CMSPublic/ElectronTagAndProbe",
     % year   = "2020"
}

@manual{twiki:yaml,
      author  = "{Brian Ingerson et al}",
      title = "{Yet Another Markup Language (YAML) 1.0}",
      url    = "https://yaml.org/spec/history/2001-12-10.html",
     % year   = "2020"
}


@manual{twiki:fast,
      title  = "{FAST framework}",
      author = "{Faster Analysis Software Taskforce}",
      url    = "http://fast-hep.web.cern.ch/fast-hep/",
     % year   = "2020"
}

@article{paper:form_fact,
  title = "{Improved Limits for Higgs-Portal Dark Matter from LHC Searches}",
  author = "{M. Hoferichter et al}",
  journal = {Phys. Rev. Lett.},
  volume = {119},
%  issue = {18},
%  pages = {181803},
 % numpages = {6},
  year = {2017},
 % month = {Oct},
 % publisher = {American Physical Society},
  doi = {10.1103/PhysRevLett.119.181803},
 % url = {https://link.aps.org/doi/10.1103/PhysRevLett.119.181803}
}


@article{note:AN_16_418,
title = "{Search for VBF Higgs bosons decaying to invisible particles at 13 TeV with 2016 data}",
journal = "CMS Analysis Note (restricted)",
year = "2018",
author = "{{CMS Collaboration}}",
url = "http://cms.cern.ch/iCMS/jsp/db_notes/noteInfo.jsp?cmsnoteid=CMS\%20AN-2016/4187"
}

@article{paper:HIG_17_023,
title = "{Search for invisible decays of a Higgs boson produced through vector boson fusion in proton-proton collisions at $\sqrt{s}=$13~TeV}",
journal = "Physics Letters B",
volume = "793",
%pages = "520 - 551",
year = "2019",
%issn = "0370-2693",
doi = "10.1016/j.physletb.2019.04.025",
%url = "http://www.sciencedirect.com/science/article/pii/S0370269319302576",
author = "{CMS Collaboration}"
}

@article{note:AN_19_257,
title = "{Search for VBF Higgs bosons decaying to invisible particles at 13 TeV with full Run 2 data}",
journal = "CMS Analysis Note (internal)",
year = "2020",
author = "{{CMS Collaboration}}",
url = "http://cms.cern.ch/iCMS/jsp/db_notes/noteInfo.jsp?cmsnoteid=CMS\%20AN-2019/257"
}

@article{confdb,
	doi = {10.1088/1742-6596/664/8/082008},
%	url = {https://doi.org/10.1088\%2F1742-6596\%2F664\%2F8\%2F082008},
	year = 2015,
%	month = {dec},
%	publisher = {{IOP} Publishing},
	volume = {664},
%	number = {8},
%	pages = {082008},
	author = {Vincenzo Daponte and Andrea Bocci},
	title = {{CMS} - {HLT} Configuration Management System},
	journal = {Journal of Physics: Conference Series},
}




@article{ HLT_performance,
	author = "{S. Donato}",
	title = "{CMS trigger performance}",
	DOI= "10.1051/epjconf/201818202037",
%	url= "https://doi.org/10.1051/epjconf/201818202037",
	journal = {EPJ Web Conf.},
	year = 2018,
	volume = 182,
%	pages = "02037",
}

@thesis{thesis:esh,
      author        = "{Eshwen Bhal}",
      title         = "{Searches for dark matter with a focus on invisibly decaying Higgs bosons using the full Run-2 dataset of the CMS experiment at the LHC}",
     % year          = "2019",
%      reportNumber  = "CERN-THESIS-2019-282",
%      url           = "http://cds.cern.ch/record/2708430",
      note          = "Presented 2020",
}




@thesis{Antoni,
      author        = "{Antoni Shtipliyski}",
      title         = "{Systems and algorithms for low-latency event
                       reconstruction for upgrades of the Level-1 trigger of the
                       CMS experiment at CERN}",
     % year          = "2019",
      reportNumber  = "CERN-THESIS-2019-282",
      url           = "http://cds.cern.ch/record/2708430",
      note          = "Presented 2019",
}

@thesis{Chiara,
      author        = "{Chiara Amendola}",
      title         = "{Vector Boson Fusion trigger and search for Higgs boson pair production at the LHC in the bb$\tau\tau$ channel with the CMS detector}",
     % year          = "2019",
      reportNumber  = "",
      url           = "",
      note          = "Presented 2019",
}



@article{cms:l1_paper,
	doi = {10.3204/PUBDB-2020-02629},
%	url = {https://doi.org/10.1088\%2F1748-0221\%2F9\%2F02\%2Fc02008},
	year = 2020,
%	month = {tba},
%	publisher = {TBA},
%	volume = {9},
%	number = {02},
%	pages = {C02008--C02008},
	author = {{CMS Collaboration}},
	title = {Performance of the {CMS} {Level-1} Trigger in proton-proton collisions at $\sqrt{S}=$~13~TeV},
	journal = {Submitted to JINST},

}

@article{ECAL_performance,
	doi = {10.1088/1748-0221/9/02/c02008},
%	url = {https://doi.org/10.1088\%2F1748-0221\%2F9\%2F02\%2Fc02008},
	year = 2014,
%	month = {feb},
%	publisher = {{IOP} Publishing},
	volume = {9},
%	number = {02},
%	pages = {C02008--C02008},
	author = {A Benaglia},
	title = {The {CMS} {ECAL} performance with examples},
	journal = {JINST},

}



@inproceedings{muon_chambers_proceedings,
    author = {Paolucci, P.},
    booktitle = {Astroparticle, particle and space physics, detectors and medical physics applications.},
    collaboration = {CMS},
    doi = {10.1142/9789812773678_0096},
%    pages = {605--615},
%    reportNumber = {CMS-CR-2006-006},
    title = {The {CMS} {Muon} system},
    year = {2006}
}



@article{tracker_performance,
	doi = {10.1088/1748-0221/9/03/c03005},
%	url = {https://doi.org/10.1088\%2F1748-0221\%2F9\%2F03\%2Fc03005},
	year = 2014,
%	month = {mar},
%	publisher = {{IOP} Publishing},
	volume = {9},
%	number = {03},
%	pages = {C03005--C03005},
	author = {V Veszpremi},
	title = {Operation and performance of the {CMS} tracker},
	journal = {JINST}
	}


@article{coord_syst,
    author = "{University of Zurich}",
    title  = "{3D axis with spherical coordinates \& CMS coordinate system}",
    url = "https://wiki.physik.uzh.ch/cms/latex:tikz"
}

@article{FCC_CDR,
    author = "{A. Abada et al}",
    collaboration = "FCC",
    doi = "10.1140/epjc/s10052-019-6904-3",
    journal = "Eur.\ Phys.\ J.\ C",
 %   number = "6",
 %   pages = "474",
 %   reportNumber = "CERN-ACC-2018-0056",
    title = "{FCC Physics Opportunities}: {Future Circular Collider Conceptual Design Report Volume 1}",
    volume = "79",
    year = "2019"
}


@article{UNK_proposal,
    author = "G. Gurov",
 %   month = "3",
 %   reportNumber = "MPG06",
    title = "{UNK status and plans}",
    year = "1996",
    url = "https://accelconf.web.cern.ch/p95/ARTICLES/MPG/MPG06.PDF"
}



@article{SSC_proposal,
    author = "{J. D. Jackson et al}",
%    author = "{SSCL}",
%    month = "3",
%    reportNumber = "SSC-SR-2020",
    title = "{Conceptual Design of the Superconducting Super Collider}",
    year = "1986",
    url = "https://lss.fnal.gov/archive/other/ssc/ssc-sr-2020.pdf"
}

@article{tevatron_summary,
	doi = {10.1088/1748-0221/6/08/t08001},
%	url = {https://doi.org/10.1088\%2F1748-0221\%2F6\%2F08\%2Ft08001},
	year = 2011,
%	month = {aug},
%	publisher = {{IOP} Publishing},
	volume = {6},
%	number = {08},
%	pages = {T08001--T08001},
	author = "{S. Holmes et al}",
	title = "{Overview of the Tevatron collider complex: goals, operations and performance}",
	journal = {JINST},
%	abstract = {For more than two decades the Tevatron proton-antiproton 
%collider was the centerpiece of the world's high energy physics program. The 
%collider was arguably one of the most complex research instruments ever to 
%reach the operation stage and is widely recognized for numerous physics 
%discoveries and for many technological breakthroughs. In this article we 
%outline the historical background that led to the construction of the 
%Tevatron Collider, the strategy applied to evolution of performance goals 
%over the Tevatron's operational history, and briefly describe operations of 
%each accelerator in the chain and achieved performance.}
}





@article{LHCb_paper,
    author = "{LHCb Collaboration}",
    %collaboration = "LHCb",
    doi = "10.1088/1748-0221/3/08/S08005",
    journal = "JINST",
    %pages = "S08005",
    title = "{The LHCb Detector at the LHC}",
    volume = "3",
    year = "2008"
}


@article{ALICE_paper,
	doi = {10.1088/1748-0221/3/08/s08002},
%	url = {https://doi.org/10.1088\%2F1748-0221\%2F3\%2F08\%2Fs08002},
	year = 2008,
%	month = {aug},
%	publisher = {{IOP} Publishing},
	volume = {3},
%	number = {08},
%	pages = {S08002--S08002},
	author = "{ALICE Collaboration}",
	title = {The {ALICE} experiment at the {CERN} {LHC}},
	journal = {JINST},
%	abstract = {ALICE (A Large Ion Collider Experiment) is a general-purpose, heavy-ion
%detector at the CERN}
}



@article{LEP_searches,
author = "{LEP Working Group for Higgs Boson Searches et al}",
title = "{Search for the Standard Model Higgs boson at LEP}",
journal = "Phys. Lett. B",
volume = "565",
%pages = "61 - 75",
year = "2003",
%issn = "0370-2693",
doi = "10.1016/S0370-2693(03)00614-2",
%url = "http://www.sciencedirect.com/science/article/pii/S0370269303006142",
%abstract = "The four LEP Collaborations, ALEPH, DELPHI, L3 and OPAL, have collected a total of 2461ÃÂ pbÃ¢ÂÂ1 of e+eÃ¢ÂÂ collision data at centre-of-mass energies between 189 and 209ÃÂ GeV. The data are used to search for the Standard Model Higgs boson. The search results of the four Collaborations are combined and examined in a likelihood test for their consistency with two hypotheses: the background hypothesis and the signal plus background hypothesis. The corresponding confidences have been computed as functions of the hypothetical Higgs boson mass. A lower bound of 114.4ÃÂ GeV/c2 is established, at the 95\% confidence level, on the mass of the Standard Model Higgs boson. The LEP data are also used to set upper bounds on the HZZ coupling for various assumptions concerning the decay of the Higgs boson."
}

@book{LHC_TDR,
      author        = "{O. S. Bruning et al}",
      title         = "{LHC Design Report}",
      publisher     = "CERN",
  %    address       = "Geneva",
    %  series        = "CERN Yellow Reports: Monographs",
      year          = "2004",
%      url           = "https://cds.cern.ch/record/782076",
      doi           = "10.5170/CERN-2004-003-V-1",
}




@article{www_origins,
      author        = "Gentil-Beccot, Anne",
      title         = "{An image of the first page of Tim Berners-Lee's proposal
                       for the World Wide Web in March 1989}",
  %    month         = "Mar",
 %     year          = "2019",
 %     reportNumber  = "OPEN-PHO-CCC-2019-001",
      url           = "https://cds.cern.ch/record/2665088",
 %     note          = "General Photo",
}
@book{LEP_TDR,
      title         = "{LEP design report}",
      publisher     = "CERN",
      address       = "Geneva",
 %     year          = "1984",
      url           = "https://cds.cern.ch/record/102083",
%      note          = "Copies shelved as reports in LEP, PS and SPS libraries",
}


@article{WandZ_discovery,
    author = "{P.M. Watkins}",
    doi = "10.1080/00107518608211015",
    journal = "Contemp. Phys.",
 %   pages = "291--324",
    title = "{Discovery of the W and Z bosons}",
    volume = "27",
    year = "1986"
}


@article{hcal_performance,
    author = "{CMS Collaboration}",
 %   archivePrefix = "arXiv",
 %   collaboration = "CMS",
    doi = "10.1088/1748-0221/5/03/T03013",
 %   eprint = "0911.4877",
    journal = "JINST",
 %   pages = "T03013",
 %   primaryClass = "physics.ins-det",
 %   reportNumber = "CMS-CFT-09-018",
    title = "{Performance of CMS Hadron Calorimeter Timing and Synchronization using Test Beam, Cosmic Ray, and LHC Beam Data}",
    volume = "5",
    year = "2010"
}



@article{neutral_currents_2,
title = "Search for elastic muon-neutrino electron scattering",
journal = "Phys. Lett. B",
volume = "46",
%number = "1",
%pages = "121 - 124",
year = "1973",
%issn = "0370-2693",
doi = "10.1016/0370-2693(73)90494-2",
%url = "http://www.sciencedirect.com/science/article/pii/0370269373904942",
author = "{F. Hasert et al}",
%abstract = "One possible event of the process ÃÅÃ¢ÂÂÃÅ + eÃ¢ÂÂ Ã¢ÂÂ vÃ¢ÂÂÃÅ + eÃ¢ÂÂ has been observed. The various background processes are discussed and the event interpreted in terms of the Weinberg theory. The 90\% confidence limits on the Weinberg parameter are 0.1 < sin2ÃÅ¾W < 0.6."
}



@article{neutral_currents_1,
title = "Observation of neutrino-like interactions without muon or electron in the gargamelle neutrino experiment",
journal = "Phys. Lett. B",
volume = "46",
%number = "1",
%pages = "138 - 140",
year = "1973",
%issn = "0370-2693",
doi = "10.1016/0370-2693(73)90499-1",
%url = "http://www.sciencedirect.com/science/article/pii/0370269373904991",
author = "{F. Hasert et al}",
%abstract = "Events induced by neutral particles and producing hadrons, but no muon or electron, have been observed in the CERN neutrino experiment. These events behave as expected if they arise from neutral current induced processes. The rates relative to the corresponding charged current processes are evaluated."
}



@article{History_CERN_1,
	doi = {10.1088/0031-9112/39/6/028},
%	url = {https://doi.org/10.1088\%2F0031-9112\%2F39\%2F6\%2F028},
	year = 1988,
%	month = {jun},
%	publisher = {{IOP} Publishing},
	volume = {39},
%	number = {6},
%	pages = {245--245},
	author = {John Dowell},
	title = {History of {CERN} Vol 1},
	journal = {Physics Bulletin},
%	abstract = {Hermann et al 1987 Amsterdam: North-Holland xxii + 600 pp price $111 ISBN 0 444 87037 7
%The first of two volumes on the history of CERN, the European Laboratory for Nuclear Research in Geneva, up to the mid-1960s deals with the period 1949Ã¢ÂÂ54 Ã¢ÂÂ the %Ã¢ÂÂpre-historyÃ¢ÂÂ. It is an impressively detailed and documented account of the deliberations, both scientific and political, that led to establishment of the organisation %in the sensitive post-war environment.}
}



@book{thomson_2013,
      place={Cambridge}, 
      title={Modern Particle Physics},
      DOI={10.1017/CBO9781139525367}, 
      publisher={Cambridge University Press}, 
      author={{Mark Thomson}}, 
      year={2013}}

@article{cms:paper,
      author        = "{CMS Collaboration}",
      title         = "{The CMS experiment at the CERN LHC. The Compact Muon
                       Solenoid experiment}",
      journal       = "JINST",
  %    collaboration = "Collaboration",
      volume        = "3",
  %    pages         = "S08004. 361 p",
      year          = "2008",
   %   url           = "http://cds.cern.ch/record/1129810",
    %  note          = "Also published by CERN Geneva in 2010",
      doi           = "10.1088/1748-0221/3/08/S08004",
}


@book{cms:tdr,
      author        = "{G. L. Bayatian et. al}",
      title         = "{CMS Physics: Technical Design Report Volume 1: Detector
                       Performance and Software}",
      publisher     = "CERN",
  %    collaboration = "{CMS Collaboration}",
  %    address       = "Geneva",
  %    series        = "Technical Design Report CMS",
      year          = "2006",
  %    reportNumber  = "CERN-LHCC-2006-001",
      url           = "http://cds.cern.ch/record/922757",
  %    note          = "There is an error on cover due to a technical problem for
  %                     some items",
                       }




@article{ref:Schmidt_2016,
	doi = {10.1088/1742-6596/706/2/022002},
%	url = {https://doi.org/10.1088},
	year = 2016,
%	month = {apr},
%	publisher = {{IOP} Publishing},
	volume = {706},
%	pages = {022002},
	author = {Burkhard Schmidt},
	title = {The High-Luminosity upgrade of the {LHC}: Physics and Technology Challenges for the Accelerator and the Experiments},
	journal = {Journal of Physics: Conference Series},
%	abstract = {In the second phase of the LHC physics program, the accelerator will provide an additional integrated luminosity of about 2500/fb over 10 years of operation to the general purpose detectors ATLAS and CMS. This will substantially enlarge the mass reach in the search for new particles and will also greatly extend the potential to study the properties of the Higgs boson discovered at the LHC in 2012. In order to meet the experimental challenges of unprecedented pp luminosity, the experiments will need to address the aging of the present detectors and to improve the ability to isolate and precisely measure the products of the most interesting collisions. The lectures gave an overview of the physics motivation and described the conceptual designs and the expected performance of the upgrades of the four major experiments, ALICE, ATLAS, CMS and LHCb, along with the plans to develop the appropriate experimental techniques and a brief overview of the accelerator upgrade. Only some key points of the upgrade program of the four major experiments are discussed in this report; more information can be found in the references given at the end.}
}

@article{Tracker:scheme,
      author        = "{D. Sprenger. et. al}",
      title         = "{Validation of Kalman Filter alignment algorithm with
                       cosmic-ray data using a CMS silicon strip tracker endcap}",
      journal       = "JINST",
 %     number        = "arXiv:1003.5460. CMS-NOTE-2010-002",
      volume        = "5",
  %    pages         = "P06007. 11 p",
  %    month         = "Mar",
      year          = "2010",
   %   reportNumber  = "arXiv:1003.5460",
%      url           = "http://cds.cern.ch/record/1256099",
%      note          = "Comments: 11 pages, 8 figures. CMS NOTE-2010/002",
      doi           = "10.1088/1748-0221/5/06/P06007",
}

@article{zCMS_slice,
      author        = "Barney, David",
      title         = "{CMS Detector Slice}",
 %     month         = "Jan",
      year          = "2016",
 %     reportNumber  = "CMS-PHO-GEN-2016-001",
      url           = "https://cds.cern.ch/record/2120661",
 %     note          = "CMS Collection.",
}


@article{cms:ecal,
author = "{A. Bartoloni et. al}",
year = {2013},
%month = {02},
%pages = {C02039},
title = "{The CMS ECAL barrel HV system}",
%volume = {8},
journal = {JINST},
doi = {10.1088/1748-0221/8/02/C02039}
}


